%% This BibTeX bibliography file in UTF-8 format was created using Papers.
%% http://mekentosj.com/papers/


@ARTICLE{GIB73,
    AUTHOR       = "Gibbard, A.",
    TITLE        = "Manipulation for voting schemes.",
    JOURNAL      = "Econometrica",
    YEAR         = "1973",
    VOLUME       = "41",
    NUMBER       = "",
    PAGES        = "587-601",
    MONTH        = "",
    NOTE         = ""
}
@article{Hellwig:2008pbonn,
author = {Martin F Hellwig}, 
journal = {Preprint 04/2008 Max Planck Institute for Research on Collective Goods, Bonn, Germany},
title = {A Maximum Principle for Control Problems With Monotonicity Constraints},
abstract = {},
pages = {},
year = {2008},
month = {Apr},
}
@article{Hellwig:2010p295,
author = {Martin F Hellwig}, 
journal = {Econometrica},
title = {Incentive Problems With Unidimensional Hidden Characteristics: A Unified Approach},
abstract = {Econometrica, Vol.78, No.4, July, 2010, 1201-1237},
pages = {1--37},
year = {2010},
month = {Jul},
date-added = {2010-10-27 13:21:57 -0200},
date-modified = {2010-10-27 13:22:24 -0200},
local-url = {file://localhost/Users/sergeivieirasilva/Documents/Papers/2010/Hellwig/Econometrica%202010%20Hellwig.pdf},
uri = {papers://5103C43A-5F0B-4B57-8B33-CB3FA841FFDF/Paper/p295},
rating = {0}
}
@BOOK{RAS03,
author = {Jean-Charles Rochet and Lars Stole}, 
 TITLE        = "The economics of multidimensional screening, in M. Dewatripont,
     L.P. Hansen, and S.J. Turnovsky, eds. Advances in Economics and Econometrics, Cambridge",
    PUBLISHER    = "The Press Syndicate of the University of Cambridge",
    YEAR         = "2003",
    VOLUME       = "",
    SERIES       = "",
    ADDRESS      = "UK",
    EDITION      = "",
    MONTH        = "",
    NOTE         = ""
}
@book{TiroleGameTheory,
author = {Jean Tirole and Drew Fudenberg}, 
title = {Game Theory.},
publisher= {The MIT Press},
year = {1991},
}
@BOOK{BAS86,
    AUTHOR       = "Brown, S. and Sibley, D.",
    TITLE        = "The theory of public utility pricing.",
    PUBLISHER    = "Cambridge University Press",
    YEAR         = "1986",
    VOLUME       = "",
    SERIES       = "",
    ADDRESS      = "",
    EDITION      = "",
    MONTH        = "",
    NOTE         = ""
}
@BOOK{WIL93,
    AUTHOR = "Wilson, R.B.",
    TITLE  = "Nonlinear Pricing.",
    PUBLISHER  = "Oxford University Press",
    YEAR   = "1993",
    VOLUME       = "",
    SERIES       = "",
    ADDRESS      = "",
    EDITION      = "",
    MONTH        = "",
    NOTE         = ""
}
@BOOK{KAS93,
    AUTHOR = "Kamien, M.I. and Schwartz, N.L.",
    TITLE  = "Dynamic Optimization: The Calculus of Variations and Optimal Control in Economics and Management.",
    PUBLISHER  = "Elsevier Science",
    YEAR   = "1991",
    VOLUME       = "",
    SERIES       = "",
    ADDRESS      = "",
    EDITION      = "",
    MONTH        = "",
    NOTE         = ""
}

@ARTICLE{GUE81,
    AUTHOR       = "Guesnerie, R.",
    TITLE        = "On taxation and incentives: further reflections on the limit of redistribution.",
    JOURNAL    = "Mimeo.",
    YEAR         = "1981",
    VOLUME       = "",
    NUMBER       = "",
    PAGES      = "",
    MONTH        = "",
    NOTE         = ""
}

@article{Mussa:1978p1672,
author = {Michel Mussa and S Rosen}, 
journal = {Journal of Economic Theory},
title = {Monopoly and product quality},
abstract = { Author Info. , Michael , Sherwin Additional information is available for the following registered author(s): Sherwin . Abstract. },
pages = {301--317},
volume = {18},
year = {1978},
month = {Dec},
date-added = {2009-06-12 16:40:54 -0300},
date-modified = {2010-04-19 13:49:40 -0300},
pmid = {15249617616046147398related:Rkf4BG2GodMJ},
URL = {http://ideas.repec.org/a/eee/jetheo/v18y1978i2p301-317.html},
local-url = {file://localhost/Users/ssvieira/Documents/Papers/1978/Mussa/Journal%20of%20Economic%20Theory%201978%20Mussa.pdf},
uri = {papers://23EC50BB-796A-4682-A1F0-F487D8871284/Paper/p1672},
read = {Yes},
rating = {0}
}

@article{Rochet:1987p1052,
author = {Jean-Charles Rochet}, 
journal = {Journal of Mathematical Economics},
title = {A necessary and sufficient condition for rationalizability in a quasi-linear context},
abstract = {If you experience problems downloading a file, check if you have the proper application to view it first. Information about this may be contained in the File-Format links below. In case of further problems read the IDEAS help },
pages = {191--200},
volume = {16},
year = {1987},
month = {Dec},
date-added = {2009-06-12 16:20:40 -0300},
date-modified = {2010-04-19 13:49:40 -0300},
pmid = {3266428639566088498related:Msl_mYqvVC0J},
URL = {http://ideas.repec.org/a/eee/mateco/v16y1987i2p191-200.html},
local-url = {file://localhost/Users/ssvieira/Documents/Papers/1987/Rochet/Journal%20of%20Mathematical%20Economics%201987%20Rochet.pdf},
uri = {papers://23EC50BB-796A-4682-A1F0-F487D8871284/Paper/p1052},
read = {Yes},
rating = {0}
}

@article{Rochet:1985p1024,
author = {Jean-Charles Rochet}, 
journal = {Journal of Mathematical Economics},
title = {The taxation principle and multi-time Hamilton-Jacobi equations},
abstract = {Problems arising in economic theory are usually solved by use of mathematical techniques. Here, we propose an example of the contrary: every system of first order partial differential equations of a certain type can be solved by use of an economics principle. For the case of a 
single equation, our approach is in some sense dual to the usual optimal control method. },
pages = {113--128},
volume = {14},
year = {1985},
month = {Dec},
date-added = {2009-06-12 16:20:15 -0300},
date-modified = {2010-04-19 15:17:18 -0300},
pmid = {5981142860683830384related:cGTsCb5JAVMJ},
URL = {http://ideas.repec.org/a/eee/mateco/v14y1985i2p113-128.html},
local-url = {file://localhost/Users/ssvieira/Documents/Papers/1985/Rochet/Journal%20of%20Mathematical%20Economics%201985%20Rochet.pdf},
uri = {papers://23EC50BB-796A-4682-A1F0-F487D8871284/Paper/p1024},
read = {Yes},
rating = {0}
}

@article{Rochet:2009p231,
author = {Jean-Charles Rochet}, 
journal = {Journal of Mathematical Economics},
title = {Monopoly regulation without the Spence-Mirrlees assumption},
abstract = { Journal of Mathematical Economics Volume 45, Issues 9-10, 20 September 2009, Pages 693-700 Special Issue in Economic theory in honor ofAloisio Araujo. doi: / . . . | How to Cite or Link Using DOI Copyright {\copyright} 2008 Elsevier BV All rights reserved. },
year = {2009},
month = {Jan},
date-added = {2010-07-09 18:54:23 -0300},
date-modified = {2010-07-09 18:54:40 -0300},
URL = {http://linkinghub.elsevier.com/retrieve/pii/S0304406808000803},
local-url = {file://localhost/Users/sergeivieirasilva/Documents/Papers/2009/Rochet/Journal%20of%20Mathematical%20Economics%202009%20Rochet.pdf},
uri = {papers://5103C43A-5F0B-4B57-8B33-CB3FA841FFDF/Paper/p231},
read = {Yes},
rating = {0}
}

@article{Strausz:2006p69,
author = {R Strausz}, 
journal = {Journal of Economic Theory},
title = {Deterministic versus stochastic mechanisms in principal--agent models},
abstract = {Journal of Economic Theory 128 (2006) 306314www.elsevier.com/locate/jetNotes, Comments, and Letters to the EditorDeterministic versus stochastic mechanisms inprincipalagent modelsRoland StrauszDepartment of Economics, Free },
year = {2006},
month = {Dec},
label = {rec-number 3055},
date-added = {2010-05-06 17:23:49 -0300},
date-modified = {2010-05-06 17:23:49 -0300},
pmid = {9165909389052306608related:sGThuQbaM38J},
URL = {http://www.ncbi.nlm.nih.gov/entrez/query.fcgi?db=pubmed&cmd=Retrieve&dopt=AbstractPlus&list_uids=9165909389052306608related:sGThuQbaM38J},
local-url = {file://localhost/Users/sergeivieirasilva/Dropbox/Papers/2006/Strausz/Journal%20of%20Economic%20Theory%202006%20Strausz.pdf},
uri = {papers://5103C43A-5F0B-4B57-8B33-CB3FA841FFDF/Paper/p69},
read = {Yes},
rating = {0}
}
@article{Mirrlees:1971p59,
author = {JA Mirrlees}, 
journal = {The Review of Economic Studies},
title = {An exploration in the theory of optimum income taxation},
abstract = {1. INTRODUCTION One would suppose that in any economic system where equality is valued, progressive income taxation would be an important instrument of policy. Even in a highly socialist economy, where all who work are employed by the },
year = {1971},
month = {Dec},
label = {rec-number 2705},
date-added = {2010-05-06 17:23:48 -0300},
date-modified = {2010-05-06 17:23:49 -0300},
pmid = {18441334872040617908related:tDcBGFzI7P8J},
URL = {http://www.ncbi.nlm.nih.gov/entrez/query.fcgi?db=pubmed&cmd=Retrieve&dopt=AbstractPlus&list_uids=18441334872040617908related:tDcBGFzI7P8J},
local-url = {file://localhost/Users/ssvieira/Dropbox/Papers/1971/Mirrlees/The%20Review%20of%20Economic%20Studies%201971%20Mirrlees.pdf},
uri = {papers://5103C43A-5F0B-4B57-8B33-CB3FA841FFDF/Paper/p59},
rating = {0}
}
@article{Araujo:2010p5631,
author = {Aloisio Araujo and Humberto Moreira}, 
journal = {Journal of Economic Theory},
title = {Adverse selection problems without the Spence-Mirrlees condition},
abstract = {This paper studies a class of one-dimensional screening problems where the agent's utility function does not satisfy the Spence-Mirrlees condition (SMC). The strength of the SMC for hidden information problems is to provide a },
pages = {1113--1141},
volume = {145},
year = {2010},
date-added = {2009-10-19 01:13:20 -0200},
date-modified = {2010-04-19 14:35:44 -0300},
pmid = {9555805456679607008related:4JogHG8KnYQJ},
URL = {http://www.fgv.br/professor/humberto/arquivos/seladv11.pdf},
local-url = {file://localhost/Users/ssvieira/Documents/Papers/2001/Araujo/Journal%20of%20Economic%20Theory%202001%20Araujo.pdf},
uri = {papers://23EC50BB-796A-4682-A1F0-F487D8871284/Paper/p5631},
read = {Yes},
rating = {0}
}

@article{Goldman:1984p1988,
author = {M Goldman and HE Leland and D Sibley}, 
journal = {The Review of Economic Studies},
title = {Optimal nonuniform prices},
abstract = { . BARRY  HAYNE E.  University of California, Berkeley and   = p(q, d(q)) * (1 - O(q)) + +(q) * u  ,  {\&} SIBLEY NONUNIFORM PRICES 313 },
number = {2},
pages = {305--319},
volume = {51},
year = {1984},
month = {Dec},
date-added = {2009-06-12 16:48:00 -0300},
date-modified = {2010-04-19 14:51:14 -0300},
pmid = {17204011809563446697related:qY2nDJftwO4J},
URL = {http://www.jstor.org/stable/2297694},
local-url = {file://localhost/Users/ssvieira/Documents/Papers/1984/Goldman/The%20Review%20of%20Economic%20Studies%201984%20Goldman.pdf},
uri = {papers://23EC50BB-796A-4682-A1F0-F487D8871284/Paper/p1988},
read = {Yes},
rating = {0}
}

@article{Jullien:2000p1768,
author = {B Jullien}, 
journal = {Journal of Economic Theory},
title = {Participation constraints in adverse selection models},
abstract = {This paper characterizes the optimal contract offered by an uninformed principal to an informed agent when the latter's reservation utility depends on his type. The informational rent is nonmonotonic so that interior types may have a },
pages = {1--47},
volume = {93},
year = {2000},
month = {Dec},
date-added = {2009-06-12 16:45:59 -0300},
date-modified = {2010-04-19 15:16:19 -0300},
pmid = {14600357853833315905related:QcZRrxzknsoJ},
URL = {http://linkinghub.elsevier.com/retrieve/pii/S0022053199926418},
local-url = {file://localhost/Users/ssvieira/Documents/Papers/2000/Jullien/Journal%20of%20Economic%20Theory%202000%20Jullien.pdf},
uri = {papers://23EC50BB-796A-4682-A1F0-F487D8871284/Paper/p1768},
read = {Yes},
rating = {0}
}

@article{Laffont:1987p5590,
author = {Jean-Jacques Laffont and Eric Maskin and Jean-Charles Rochet}, 
journal = {Information, Incentives, and Economic Mechanisms: Essays in Honor of Leonid Hurwicz by Theodore Groves, Roy Radner, and Stanley Reiter },
title = {Optimal nonlinear pricing with two dimensional characteristics},
abstract = {   with -  Jean-Jacques  for the   schedule when  determine the  -  schedule in },
year = {1987},
month = {Jan},
date-added = {2009-10-18 23:13:16 -0200},
date-modified = {2010-04-19 13:49:40 -0300},
pmid = {11682945967016236774related:5tYVRnUpIqIJ},
URL = {http://books.google.com/books?hl=en&lr=&id=l8-Ep1LoWO4C&oi=fnd&pg=PA256&dq=Optimal+nonlinear+pricing+with+two-dimensional+characteristics&ots=iLdaaTiYc8&sig=1kAei9CUEFPab-NC8dAbzqW4b0g},
uri = {papers://23EC50BB-796A-4682-A1F0-F487D8871284/Paper/p5590},
rating = {0}
}

@article{Hammond:1979p2220,
author = {P Hammond}, 
journal = {The Review of Economic Studies},
title = {Straightforward individual incentive compatibility in large economies},
abstract = {Page 1.  Individual Incentive Compatibility in Large Economies PETER J.  University of Essex 1. INTRODUCTION },
number = {2},
pages = {263--282},
volume = {46},
year = {1979},
month = {Dec},
date-added = {2009-06-12 16:53:31 -0300},
date-modified = {2010-04-19 14:56:10 -0300},
pmid = {9239974145821991868related:vGODt4f7OoAJ},
URL = {http://www.jstor.org/stable/2297050},
local-url = {file://localhost/Users/ssvieira/Documents/Papers/1979/Hammond/The%20Review%20of%20Economic%20Studies%201979%20Hammond.pdf},
uri = {papers://23EC50BB-796A-4682-A1F0-F487D8871284/Paper/p2220},
read = {Yes},
rating = {0}
}

@article{Maskin:1984p1154,
author = {Eric Maskin and J Riley}, 
journal = {RAND Journal of Economics},
title = {Monopoly with incomplete information},
abstract = {Rand Journal of Economics Vol. 15, No. 2, Summer 1984  Recent theoretical research on principal-agent relationships has emphasized incentive prob- lems that arise when the parties involved are constrained by either asymmetric },
number = {2},
pages = {171--196},
volume = {15},
year = {1984},
month = {Dec},
date-added = {2009-06-12 16:31:30 -0300},
date-modified = {2010-04-19 15:16:38 -0300},
pmid = {10974395494230271994related:-ic-oo7iTJgJ},
URL = {http://www.jstor.org/stable/2555674},
local-url = {file://localhost/Users/ssvieira/Documents/Papers/1984/Maskin/RAND%20Journal%20of%20Economics%201984%20Maskin.pdf},
uri = {papers://23EC50BB-796A-4682-A1F0-F487D8871284/Paper/p1154},
read = {Yes},
rating = {0}
}

@article{Milgrom:2002p1592,
author = {P Milgrom and Ilya Segal}, 
journal = {Econometrica},
title = {Envelope theorems for arbitrary choice sets},
abstract = {The standard envelope theorems apply to choice sets with convex and topological struc- ture, providing sufficient conditions for the value function to be differentiable in a param- eter and characterizing its derivative. This },
number = {2},
pages = {583--601},
volume = {70},
year = {2002},
month = {Dec},
date-added = {2009-06-12 16:39:25 -0300},
date-modified = {2010-04-19 15:21:23 -0300},
pmid = {12654560706017050502related:hj_DVuoHnq8J},
URL = {http://www.jstor.org/stable/2692283},
local-url = {file://localhost/Users/ssvieira/Documents/Papers/2002/Milgrom/Econometrica%202002%20Milgrom.pdf},
uri = {papers://23EC50BB-796A-4682-A1F0-F487D8871284/Paper/p1592},
rating = {0}
}

